<?xml version="1.0" encoding="UTF-8"?><record xmlns="http://www.loc.gov/MARC21/slim" xmlns:cinclude="http://apache.org/cocoon/include/1.0" xmlns:zs="http://www.loc.gov/zing/srw/">
  <leader>01522nz  a2200193n  4500</leader>
  <controlfield tag="001">no2008092954</controlfield>
  <controlfield tag="003">DLC</controlfield>
  <controlfield tag="005">20080626081136.0</controlfield>
  <controlfield tag="008">080206n| acannaabn          |a aaa     c</controlfield>
  <datafield tag="010" ind1=" " ind2=" ">
    <subfield code="a">no2008092954</subfield>
  </datafield>
  <datafield tag="035" ind1=" " ind2=" ">
    <subfield code="a">(OCoLC)oca07803693</subfield>
  </datafield>
  <datafield tag="040" ind1=" " ind2=" ">
    <subfield code="a">MdSsNOAA</subfield>
    <subfield code="b">eng</subfield>
    <subfield code="c">MdSsNOAA</subfield>
  </datafield>
  <datafield tag="100" ind1="1" ind2=" ">
    <subfield code="a">Björling, Johan Alfred,</subfield>
    <subfield code="d">1871-1892?</subfield>
  </datafield>
  <datafield tag="400" ind1="1" ind2=" ">
    <subfield code="a">Björling, Alfred,</subfield>
    <subfield code="d">1871-1892?</subfield>
  </datafield>
  <datafield tag="670" ind1=" " ind2=" ">
    <subfield code="a">Proposed expedition to explore Ellesmere land, northwest of Baffin Bay and to rescue Björling and Kallstenius, Swedish naturalists lost in the Arctic, 1894</subfield>
  </datafield>
  <datafield tag="670" ind1=" " ind2=" ">
    <subfield code="a">Nunatsiaq news WWW site, viewed June 24, 2008:</subfield>
    <subfield code="b">Oct. 7, 2005 article entitled "Taissumani, a day in Arctic history, Oct. 12, 1892, the disappearance of Bjorling and Kallstenius" (Alfred Bjorling was a Swedish botanist, only 21 years of age. Last written message was dated Oct. 12, 1892.)</subfield>
    <subfield code="u">http://www.nunatsiaq.com/archives/51028/opinionEditorial/columns.html</subfield>
  </datafield>
  <datafield tag="670" ind1=" " ind2=" ">
    <subfield code="a">Muskox Land, 2001:</subfield>
    <subfield code="b">p. 215 (In late Oct. 1892, Björling and his remaining colleagues departed the Carey Islands in the small boat, apparently bound for Ellesmere Island's eastern coast.  They probably never reached their destination as they disappeared without a trace and were never heard from again.)</subfield>
  </datafield>
  <datafield tag="670" ind1=" " ind2=" ">
    <subfield code="a">Projekt Runeberg web site, viewed June 24, 2008</subfield>
    <subfield code="b">(Johan Alfred Björling, b. 1871, d. 1892, polar explorer, Sweden)</subfield>
    <subfield code="u">http://runeberg.org/authors/bjorlija.html</subfield>
  </datafield>
  <datafield tag="670" ind1=" " ind2=" ">
    <subfield code="a">OCLC, June 24, 2008</subfield>
    <subfield code="b">(hdgs.: Björling, Johan Alfred, 1871-1893?; Björling, Johan Alfred, 1871-1892?)</subfield>
  </datafield>
</record>